@article{chiang2022neural,
  title={Neural network-based strong motion prediction for on-site earthquake early warning},
  author={Chiang, You-Jing and Chin, Tai-Lin and Chen, Da-Yi},
  journal={Sensors},
  volume={22},
  number={3},
  pages={704},
  year={2022},
  publisher={MDPI}
}

@article{yanwei2021deep,
  title={Deep learning for P-wave arrival picking in earthquake early warning},
  author={Yanwei, Wang and Xiaojun, Li and Zifa, Wang and Jianping, Shi and Enhe, Bao},
  journal={Earthquake Engineering and Engineering Vibration},
  volume={20},
  pages={391--402},
  year={2021},
  publisher={Springer}
}

@article{hsu2013rapid,
  title={Rapid on-site peak ground acceleration estimation based on support vector regression and P-wave features in Taiwan},
  author={Hsu, Ting-Yu and Huang, Shieh-Kung and Chang, Yu-Weng and Kuo, Chun-Hsiang and Lin, Che-Min and Chang, Tao-Ming and Wen, Kuo-Liang and Loh, Chin-Hsiung},
  journal={Soil Dynamics and Earthquake Engineering},
  volume={49},
  pages={210--217},
  year={2013},
  publisher={Elsevier}
}

@article{jozinovic2020rapid,
  title={Rapid prediction of earthquake ground shaking intensity using raw waveform data and a convolutional neural network},
  author={Jozinovi{\'c}, Dario and Lomax, Anthony and {\v{S}}tajduhar, Ivan and Michelini, Alberto},
  journal={Geophysical Journal International},
  volume={222},
  number={2},
  pages={1379--1389},
  year={2020},
  publisher={Oxford University Press}
}

@article{li2018machine,
  title={Machine learning seismic wave discrimination: Application to earthquake early warning},
  author={Li, Zefeng and Meier, Men-Andrin and Hauksson, Egill and Zhan, Zhongwen and Andrews, Jennifer},
  journal={Geophysical Research Letters},
  volume={45},
  number={10},
  pages={4773--4779},
  year={2018},
  publisher={Wiley Online Library}
}

@article{mousavi2020machine,
  title={A machine-learning approach for earthquake magnitude estimation},
  author={Mousavi, S Mostafa and Beroza, Gregory C},
  journal={Geophysical Research Letters},
  volume={47},
  number={1},
  pages={e2019GL085976},
  year={2020},
  publisher={Wiley Online Library}
}

@article{yang2016multi,
  title={Multi-step prediction of strong earthquake ground motions and seismic responses of SDOF systems based on EMD-ELM method},
  author={Yang, Dixiong and Yang, Kaisheng},
  journal={Soil Dynamics and Earthquake Engineering},
  volume={85},
  pages={117--129},
  year={2016},
  publisher={Elsevier}
}

@article{mousavi2019stanford,
  title={STanford EArthquake Dataset (STEAD): A global data set of seismic signals for AI},
  author={Mousavi, S Mostafa and Sheng, Yixiao and Zhu, Weiqiang and Beroza, Gregory C},
  journal={IEEE Access},
  volume={7},
  pages={179464--179476},
  year={2019},
  publisher={IEEE}
}

@article{asim2017earthquake,
  title={Earthquake magnitude prediction in Hindukush region using machine learning techniques},
  author={Asim, KM and Mart{\'\i}nez-{\'A}lvarez, Francisco and Basit, Abdul and Iqbal, Talat},
  journal={Natural Hazards},
  volume={85},
  pages={471--486},
  year={2017},
  publisher={Springer}
}

@article{lian2013displacement,
  title={Displacement prediction model of landslide based on a modified ensemble empirical mode decomposition and extreme learning machine},
  author={Lian, Cheng and Zeng, Zhigang and Yao, Wei and Tang, Huiming},
  journal={Natural hazards},
  volume={66},
  pages={759--771},
  year={2013},
  publisher={Springer}
}

@article{salam2021earthquake,
  title={Earthquake prediction using hybrid machine learning techniques},
  author={Salam, Mustaf Abdula and Ibrahim, Lobna and Abdelminaam, Diaa Salama},
  journal={International Journal of Advanced Computer Science and Applications},
  volume={12},
  number={5},
  pages={654--6652021},
  year={2021},
  publisher={Science and Information (SAI) Organization Limited}
}

@article{perol2018convolutional,
  title={Convolutional neural network for earthquake detection and location},
  author={Perol, Thibaut and Gharbi, Micha{\"e}l and Denolle, Marine},
  journal={Science Advances},
  volume={4},
  number={2},
  pages={e1700578},
  year={2018},
  publisher={American Association for the Advancement of Science}
}

@inproceedings{wu2021crowdquake+,
  title={CrowdQuake+: Data-driven earthquake early warning via IoT and deep learning},
  author={Wu, Aming and Lee, Jangsoo and Khan, Irshad and Kwon, Young-Woo},
  booktitle={2021 IEEE International Conference on Big Data (Big Data)},
  pages={2068--2075},
  year={2021},
  organization={IEEE}
}


@book{gasparini2007earthquake,
  title={Earthquake early warning systems},
  author={Gasparini, Paolo and Manfredi, Gaetano and Zschau, Jochen and others},
  year={2007},
  publisher={Springer}
}

@article{allen2019earthquake,
  title={Earthquake early warning: Advances, scientific challenges, and societal needs},
  author={Allen, Richard M and Melgar, Diego},
  journal={Annual Review of Earth and Planetary Sciences},
  volume={47},
  pages={361--388},
  year={2019},
  publisher={Annual Reviews}
}

@article{hsiao2009development,
  title={Development of earthquake early warning system in Taiwan},
  author={Hsiao, Nai-Chi and Wu, Yih-Min and Shin, Tzay-Chyn and Zhao, Li and Teng, Ta-Liang},
  journal={Geophysical research letters},
  volume={36},
  number={5},
  year={2009},
  publisher={Wiley Online Library}
}

@article{cucchi2022hands,
  title={Hands-on reservoir computing: a tutorial for practical implementation},
  author={Cucchi, Matteo and Abreu, Steven and Ciccone, Giuseppe and Brunner, Daniel and Kleemann, Hans},
  journal={Neuromorphic Computing and Engineering},
  volume={2},
  number={3},
  pages={032002},
  year={2022},
  publisher={IOP Publishing}
}

@article{bianchi2020reservoir,
  title={Reservoir computing approaches for representation and classification of multivariate time series},
  author={Bianchi, Filippo Maria and Scardapane, Simone and L{\o}kse, Sigurd and Jenssen, Robert},
  journal={IEEE transactions on neural networks and learning systems},
  volume={32},
  number={5},
  pages={2169--2179},
  year={2020},
  publisher={IEEE}
}

@article{jaeger2002adaptive,
  title={Adaptive nonlinear system identification with echo state networks},
  author={Jaeger, Herbert},
  journal={Advances in neural information processing systems},
  volume={15},
  year={2002}
}

@article{anikiev2022traveltime,
  title={Traveltime-based microseismic event location using artificial neural network},
  author={Anikiev, Denis and Waheed, Umair bin and Stan{\v{e}}k, Franti{\v{s}}ek and Alexandrov, Dmitry and Hao, Qi and Iqbal, Naveed and Eisner, Leo},
  journal={Frontiers in Earth Science},
  volume={10},
  pages={2017},
  year={2022},
  publisher={Frontiers}
}



@article{lim2022leqnet,
  title={LEQNet: Light Earthquake Deep Neural Network for Earthquake Detection and Phase Picking},
  author={Lim, Jongseong and Jung, Sunghun and JeGal, Chan and Jung, Gwanghoon and Yoo, Jung Ho and Gahm, Jin Kyu and Song, Giltae},
  journal={Frontiers in Earth Science},
  volume={10},
  pages={848237},
  year={2022},
  publisher={Frontiers}
}


@article{maharjan2022deep,
  title={Deep and Convolutional Neural Networks for identifying vertically-propagating incoming seismic wave motion into a heterogeneous, damped soil column},
  author={Maharjan, Shashwat and Guidio, Bruno and Fathi, Arash and Jeong, Chanseok},
  journal={Soil Dynamics and Earthquake Engineering},
  volume={162},
  pages={107510},
  year={2022},
  publisher={Elsevier}
}

@article{huang2006extreme,
  title={Extreme learning machine: theory and applications},
  author={Huang, Guang-Bin and Zhu, Qin-Yu and Siew, Chee-Kheong},
  journal={Neurocomputing},
  volume={70},
  number={1-3},
  pages={489--501},
  year={2006},
  publisher={Elsevier}
}

